@misc{IMO2020,
  author={IMO},
  title = {IMO 2020 â€“ cutting sulphur oxide emissions},
  year={2020},
  howpublished = {\url{https://www.imo.org/en/MediaCentre/HotTopics/Pages/Sulphur-2020.aspx}},
  note = {Accessed: 2021-12-17}
}
@Misc{Basilisk,
author = {Popinet, St{\'e}phane and collaborators},
title = {Basilisk},
howpublished = {\url{http://basilisk.fr}},
year = {2013--2020}
}
@article{lagree2011granular_custom,
author = {Lagr{\'{e}}e, P-Y and Staron, Lydie and Popinet, St{\'{e}}phane},
journal = {Journal of Fluid Mechanics},
pages = {378--408},
publisher = {Cambridge University Press},
title = {{The granular column collapse as a continuum: validity of a two-dimensional Navier--Stokes model with a $\mu$ (I)-rheology}},
volume = {686},
year = {2011}
}